<?xml version="1.0" encoding="UTF-8"?><record xmlns="http://www.loc.gov/MARC21/slim" xmlns:cinclude="http://apache.org/cocoon/include/1.0" xmlns:zs="http://www.loc.gov/zing/srw/">
  <leader>00399nz  a2200121n  4500</leader>
  <controlfield tag="001">n  93094512 </controlfield>
  <controlfield tag="003">DLC</controlfield>
  <controlfield tag="005">19930925115340.7</controlfield>
  <controlfield tag="008">930925n| acannaab|          |n aaa |||  </controlfield>
  <datafield tag="010" ind1=" " ind2=" ">
    <subfield code="a">n  93094512 </subfield>
  </datafield>
  <datafield tag="040" ind1=" " ind2=" ">
    <subfield code="a">DLC</subfield>
    <subfield code="c">DLC</subfield>
  </datafield>
  <datafield tag="100" ind1="1" ind2="0">
    <subfield code="a">Gözde, Tamer</subfield>
  </datafield>
  <datafield tag="670" ind1=" " ind2=" ">
    <subfield code="a">Bütçe kanunlarında atıfta bulunulan mevzuat, 1989:</subfield>
    <subfield code="b">t.p. (Tamer Gözde, Bütçe ve Mali Kontrol Genel Müdürlüğü daire başkanı)</subfield>
  </datafield>
</record>